% This file was created with JabRef 2.10.
% Encoding: UTF8


@book{MacMahon,
  title     = "Combinatory Analysis",
  author    = "MacMahon, P.A.",
  year      = 1916,
  publisher = {London: Cambridge University Press},
  % TODO, find page number, 
  % Volume 1, section III, chapter V
}


@phdthesis{BeanPhd:phd,
	Author = {Bean, C.},
	School = {Reykjavik University},
	Title  = {Finding structure in permutation patterns},
	Year   = {2018},
	url    = {https://opinvisindi.is/bitstream/handle/20.500.11815/1184/phd-bean-2018.pdf}
}

@book{knuth:aocp1,
  author    = {Knuth, Donald E.},
  %pages     = {xxi+634}, % update for what I use
  publisher = {Addison-Wesley Publishing Co., Reading,
                   Mass.-London-Don Mills, Ont},
  title     = {The Art of Computer Programming. Vol. 1: Fundamental
                   Algorithms},
  year      = {1969}
}

@book{flajolet:ac,
  address   = {Cambridge},
  author    = {Flajolet, Philippe and Sedgewick, Robert},
  %pages     = {xiv+810}, TODO UPDATE
  publisher = {Cambridge University Press},
  title     = {Analytic combinatorics},
  year      = {2009},
  isbn      = {978-0-521-89806-5}
}

@Book{wilf:gf,
  title     = {generatingfunctionology},
  publisher = {Academic Press},
  year      = {1994},
  author    = {Herbert Wilf},
  edition   = {second},
  note      = {Freely available from \url{http://www.math.upenn.edu/~wilf/DownldGF.html}},
  comment   = {Online book on using generating functions for almost every combinatorial problem.},
  owner     = {Sebastian},
  timestamp = {2008.06.18},
}

@article{Zeilberger1998EnumerationSA,
  title={Enumeration Schemes and, more importantly, their automatic generation},
  author={D. Zeilberger},
  journal={Annals of Combinatorics},
  year={1998},
  volume={2},
  pages={185-195}
}

@misc{albert2012geometric,
      title={Geometric grid classes of permutations}, 
      author={Michael H. Albert and M. D. Atkinson and Mathilde Bouvel and Nik Ru≈°kuc and Vincent Vatter},
      year={2012},
      eprint={1108.6319},
      archivePrefix={arXiv},
      primaryClass={math.CO}
}