% This file was created with JabRef 2.10.
% Encoding: UTF8

@book{MacMahon,
  title     = "Combinatory Analysis",
  author    = "MacMahon, P.A.",
  year      = 1916,
  publisher = {London: Cambridge University Press}
}

@book{knuth:aocp1,
  author    = {Knuth, Donald E.},
  publisher = {Addison-Wesley Publishing Co., Reading,
                   Mass.-London-Don Mills, Ont},
  title     = {The Art of Computer Programming. Vol. 1: Fundamental
                   Algorithms},
  year      = {1969}
}

@article{simionandschmidt,
    title={Restricted Permutations},
    author={R. Simion and F.W. Schmidt},
    year={1985},
    journal={European Journal of Combinatorics},
    volume={6},
    pages={383-406}
}

@article{Zeilberger1998EnumerationSA,
  title={Enumeration Schemes and, more importantly, their automatic generation},
  author={D. Zeilberger},
  journal={Annals of Combinatorics},
  year={1998},
  volume={2},
  pages={185-195}
}

@article{vatter_2008, 
    title={Enumeration Schemes for Restricted Permutations}, 
    volume={17},
    number={1}, 
    journal={Combinatorics, Probability and Computing}, 
    publisher={Cambridge University Press}, 
    author={Vatter, Vincent},
    year={2008}, 
    pages={137–159}
}

@phdthesis{BeanPhd:phd,
	Author = {Bean, C.},
	School = {Reykjavik University},
	Title  = {Finding structure in permutation patterns},
	Year   = {2018},
	url    = {https://opinvisindi.is/bitstream/handle/20.500.11815/1184/phd-bean-2018.pdf}
}

@article{wood_zeilberger, 
    title={A translation method for finding combinatorial bijections}, 
    volume={13}, 
    number={3}, 
    journal={Annals of Combinatorics}, 
    publisher={Birkhäuser Verlag Basel/Switzerland 2009}, 
    author={Philip Matchett Wood and Doron Zeilberger},
    year={2009}, 
    pages={383–402}
}

@Book{wilf:gf,
  title     = {generatingfunctionology},
  publisher = {Academic Press},
  year      = {1994},
  author    = {Herbert Wilf},
  edition   = {second},
}

@book{flajolet:ac,
  author    = {Flajolet, Philippe and Sedgewick, Robert},
  publisher = {Cambridge University Press},
  title     = {Analytic combinatorics},
  year      = {2009},
}

@article{albert2005insertion,
  title={The insertion encoding of permutations},
  author={Albert, Michael H and Linton, Steve and Ru{\v{s}}kuc, Nik},
  journal={The Electronic Journal of Combinatorics},
  volume={12},
  number={1},
  pages={R47},
  year={2005}
}

@article{albert2012geometric,
  title={Geometric grid classes of permutations},
  author={Albert, Michael and Atkinson, M and Bouvel, Mathilde and Ru{\v{s}}kuc, Nik and Vatter, Vincent},
  journal={Transactions of the American Mathematical Society},
  volume={365},
  number={11},
  pages={5859--5881},
  year={2013}
}

@software{permuta,
  author       = {Ragnar Pall Ardal and
                  Tomas Ken Magnusson and
                  Émile Nadeau and
                  Bjarni Jens Kristinsson and
                  Bjarki Agust Gudmundsson and
                  Christian Bean and
                  Henning Ulfarsson and
                  Jon Steinn Eliasson and
                  Murray Tannock and
                  Alfur Birkir Bjarnason and
                  Jay Pantone and
                  Arnar Bjarni Arnarson},
  title        = {PermutaTriangle/Permuta},
  month        = apr,
  year         = 2021,
  publisher    = {Zenodo},
  version      = {2.0.4},
  doi          = {10.5281/zenodo.4725759},
  url          = {https://doi.org/10.5281/zenodo.4725759}
}

@software{tiling,
  author       = {Tomas Ken Magnusson and
                  Émile Nadeau and
                  Christian Bean and
                  Henning Ulfarsson and
                  Jon Steinn Eliasson and
                  Jay Pantone},
  title        = {PermutaTriangle/Tilings},
  month        = jun,
  year         = 2021,
  publisher    = {Zenodo},
  version      = {3.0.0},
  doi          = {10.5281/zenodo.4948344},
  url          = {https://doi.org/10.5281/zenodo.4948344}
}

@software{css,
  author       = {Émile Nadeau and
                  Christian Bean and
                  Henning Ulfarsson and
                  Jon Steinn Eliasson and
                  Jay Pantone},
  title        = {PermutaTriangle/comb\_spec\_searcher},
  month        = jun,
  year         = 2021,
  publisher    = {Zenodo},
  version      = {4.0.0},
  doi          = {10.5281/zenodo.4946832},
  url          = {https://doi.org/10.5281/zenodo.4946832}
}


@article{adjacentperm,
    author = {Selmer M. Johnson},
    journal = {Mathematics of Computation},
    number = {83},
    pages = {282--285},
    publisher = {American Mathematical Society},
    title = {Generation of Permutations by Adjacent Transposition},
    volume = {17},
    year = {1963}
}

@article{slide,
  title={The Permutations 123 p 4… pm and 321 p 4… pm are Wilf-Equivalent},
  author={Babson, Eric and West, Julian},
  journal={Graphs and Combinatorics},
  volume={16},
  number={4},
  pages={373--380},
  year={2000},
  publisher={Springer}
}